@article{OSSTMM3,
author = {Valdez Alvarado, Aldo},
year = {2013},
month = {06},
pages = {},
title = {OSSTMM 3}
}

@misc{OWASP-ASVS,
  title        = {{OWASP-ASVS} website},
  howpublished = {\url{https://owasp.org/www-project-application-security-verification-standard/}},
  note         = {Accessed: 2024-8-29},
}

@article{Cobalt2024,
author = {CobaltINC},
year = {2024},
month = {06},
pages = {},
title = {The State of Pentesting Report 2024, Cobalt Inc.}
}

@misc{OWASP-Top10-LLM,
  title        = {OWASP Top 10 for LLM Applications, version 1.1},
  howpublished = {\url{https://owasp.org/www-project-top-10-for-large-language-model-applications/assets/PDF/OWASP-Top-10-for-LLMs-2023-v1_1.pdf}},
  note         = {Accessed: 2024-8-29},
}

@misc{ThePrimaegenCyberStocksUp,
  title        = {{ThePrimeagen(Michael B. Paulson)}AI vs Cybersecurity},
  howpublished = {\url{https://www.instagram.com/reel/C-GEnBovDjQ/?utm_source=ig_web_copy_link}},
  note         = {Accessed: 2024-8-29},
}

@misc{CycubicsDocsWebGoat,
  title        = {WebGoat Labs, Walkthroughs},
  howpublished = {\url{https://docs.cycubix.com/application-security-series/web-application-security-essentials/solutions}},
  note         = {Accessed: 2024-8-31},
}

@misc{WebGoatGitHubIssue1424,
  title        = {Github issue, MissingFunctionAC Lesson 4 - Misleading hints #1424},
  howpublished = {\url{https://github.com/WebGoat/WebGoat/issues/1424}},
  note         = {Accessed: 2024-8-31}
}